@article{akanda_estimation_2014,
	title = {Estimation of capture probabilities using generalized estimating equations and mixed effects approaches},
	volume = {4},
	issn = {20457758},
	url = {http://doi.wiley.com/10.1002/ece3.1000},
	doi = {},
	abstract = {},
	number = {7},
	urldate = {2018-10-23},
	journal = {Ecology and Evolution},
	author = {Akanda, Md. Abdus Salam and Alpizar-Jara, Russell},
	month = apr,
	year = {2014},
	pages = {1158--1165},
	file = {Akanda and Alpizar-Jara - 2014 - Estimation of capture probabilities using generali.pdf:C\:\\Users\\romunov\\Zotero\\storage\\5NT4S5WD\\Akanda and Alpizar-Jara - 2014 - Estimation of capture probabilities using generali.pdf:application/pdf}
}

@article{amos_when_2001,
	title = {When does conservation genetics matter?},
	volume = {87},
	copyright = {2001 Nature Publishing Group},
	issn = {1365-2540},
	url = {https://www.nature.com/articles/6889400},
	doi = {},
	abstract = {},
	number = {3},
	urldate = {2018-10-26},
	journal = {Heredity},
	author = {Amos, William and Balmford, Andrew},
	month = sep,
	year = {2001},
	pages = {257--265},
	file = {Full Text PDF:C\:\\Users\\romunov\\Zotero\\storage\\BYW2T2FD\\Amos and Balmford - 2001 - When does conservation genetics matter.pdf:application/pdf;Snapshot:C\:\\Users\\romunov\\Zotero\\storage\\CYPNAX4U\\6889400.html:text/html}
}

@Manual{bivand_applied_2008,
	title = {Applied spatial data analysis with {R}. 1st ed. New York, Springer: 374 str.},
	author = {Bivand, R S and Pebesma, E K and Gomez-Rubio, V},
	year = {2008}
}

@Manual{bivand_rundel_2017,
	title = {rgeos: Interface to Geometry Engine - Open Source (``GEOS'') (dodatni paket za program R)},
	author = {Roger Bivand and Colin Rundel},
	year = {2017}
}

@Manual{bolker_ecological_2008,
	title = {Ecological models and data in {R}. 1st ed. Princeton, Princeton University Press: 408 str.},
	author = {Bolker, B M},
	year = {2008}
}

@article{boulanger_multiple_2008,
	title = {Multiple data sources improve {DNA}-based mark-recapture population estimates of grizzly bears},
	volume = {18},
	number = {3},
	journal = {Ecological Applications},
	author = {Boulanger, John and Kendall, Katherine C. and Stetz, Jeffrey B. and Roon, David A. and Waits, Lisette P. and Paetkau, David},
	year = {2008},
	pages = {577--589}
}

@article{boulanger_corrigendum_2001,
	title = {Corrigendum: Closure violation in {DNA}-based mark-recapture estimation of grizzly bear populations},
	volume = {79},
	number = {8},
	journal = {Canadian Journal of Zoology},
	author = {Boulanger, John and McLellan, Bruce},
	year = {2001},
	pages = {1532}
}

@article{boulanger_sources_2004,
	title = {Sources of heterogeneity bias when {DNA} mark-recapture sampling methods are applied to grizzly bear (\textit{Ursus arctos}) populations},
	volume = {85},
	number = {4},
	journal = {Journal of Mammalogy},
	author = {Boulanger, J and Stenhouse, G. and Munro, R},
	year = {2004},
	pages = {618--624}
}

@Manual{burnham_model_2002,
	title = {Model selection and multimodel inference: {A} practical information-theoretic approach. 2nd ed. New York, Springer-Verlag: 488 str.},
	author = {Burnham, K.P. and Anderson, D.R.},
	year = {2002}
}

@article{campbell_evaluation_2009,
	title = {Evaluation of a new technique for marking anurans},
	volume = {6},
	number = {3},
	urldate = {2018-08-06},
	journal = {Applied Herpetology},
	author = {Campbell, Todd and Irvin, Paul and Campbell, Kym Rouse and Hoffmann, Kristine and Dykes, Mark and Harding, Aaron and Johnson, Steve},
	year = {2009},
	pages = {247--256}
}

@article{chandler_spatially_2013,
	title = {Spatially explicit models for inference about density in unmarked or partially marked populations},
	volume = {7},
	number = {2},
	journal = {Annals of Applied Statistics},
	author = {Chandler, Richard B. and Andrew Royle, J.},
	year = {2013},
	pages = {936--954}
}

@article{chandler_characterizing_2018,
	title = {Characterizing spatio-temporal variation in survival and recruitment with integrated population models},
	volume = {135},
	number = {3},
	urldate = {2018-04-17},
	journal = {The Auk},
	author = {Chandler, Richard B. and Hepinstall-Cymerman, Jeff and Merker, Samuel and Abernathy-Conners, Heather and Cooper, Robert J.},
	year = {2018},
	pages = {409--426}
}

@article{cockburn_microhabitat_1983,
	title = {Microhabitat heterogeneity and population ecology of an herbivorous rodent, \textit{Microtus californicus}},
	volume = {59},
	number = {2},
	journal = {Oecologia},
	author = {Cockburn, Andrew and Lidicker, William Z.},
	year = {1983},
	pages = {167--177}
}

@misc{cooch_program_2012,
	title = {Program {MARK}: A gentle introduction. 1116 str.\\ http://www.phidot.org/software/mark/docs/book/ (4. maja 2017)},
	abstract = {},
	author = {Cooch, E and White, G},
	year = {2012},
	note = {}
}

@Manual{deangelis_individual-based_2014,
	title = {Individual-based models in ecology after four decades. F1000prime reports, 6: 39, doi: 0.12703/P6-39, 6 str.},
	author = {DeAngelis, Donald L and Grimm, Volker},
	year = {2014}
}

@article{dice_census_1938,
	title = {Some census methods for mammals},
	volume = {2},
	number = {3},
	journal = {The Journal of Wildlife Management},
	author = {Dice, Lee R},
	year = {1938},
	pages = {119--130}
}

@article{dice_methods_1941,
	title = {Methods for estimating populations of animals},
	volume = {5},
	number = {4},
	journal = {The Journal of Wildlife Management},
	author = {Dice, L R},
	year = {1941},
	pages = {398--407}
}

@article{eberhardt_using_1990,
	title = {Using radio-telemetry for Mark-recapture studies with edge effects},
	volume = {27},
	number = {1},
	journal = {The Journal of Applied Ecology},
	author = {Eberhardt, L L},
	year = {1990},
	pages = {259--271}
}

@article{efford_density_2004,
	title = {{DENSITY}: Software for analysing capture-recapture data from passive detector arrays},
	volume = {27},
	number = {1},
	journal = {Animal Biodiversity and Conservation},
	author = {Efford, Murray G. and Dawson, Deanna K. and Robbins, Chandler S.},
	year = {2004},
	pages = {217--228}
}

@article{erlinge_density-related_1990,
	title = {Density-related home-range size and overlap in adult field voles (\textit{Microtus agrestis}) in southern {Sweden}},
	volume = {71},
	number = {4},
	journal = {Journal of Mammalogy},
	author = {Erlinge, S. and Hoogenboom, I. and Agrell, J. and Nelson, J. and Sandell, M.},
	year = {1990},
	pages = {597--603}
}

@Manual{faraway_extending_2006,
	title = {Extending the linear model with {R}: generalized linear, mixed effects and nonparametric regression. 1st ed. Boca Raton, Chapman \& Hall/CRC: 301 str},
	author = {Faraway, J J},
	year = {2006}
}

@article{foster_critique_2012,
	title = {A critique of density estimation from camera-trap data},
	volume = {76},
	number = {2},
	journal = {Journal of Wildlife Management},
	author = {Foster, Rebecca J. and Harmsen, Bart J.},
	year = {2012},
	pages = {224--236},
}

@article{hesterberg_what_2015,
	title = {What teachers should know about the bootstrap: resampling in the undergraduate statistics curriculum},
	volume = {69},
	number = {4},
	journal = {American Statistician},
	author = {Hesterberg, Tim C.},
	year = {2015},
	pages = {371--386}
}

@article{hijmans_ability_2006,
	title = {The ability of climate envelope models to predict the effect of climate change on species distributions},
	volume = {12},
	number = {12},
	journal = {Global Change Biology},
	author = {Hijmans, Robert J. and Graham, Catherine H.},
	year = {2006},
	pages = {2272--2281}
}

@article{huggins_statistical_1989,
	title = {On the statistical analysis of capture experiments},
	volume = {76},
	number = {1},
	journal = {Biometrika},
	author = {Huggins, R. M.},
	year = {1989},
	pages = {133--140}
}

@article{ivan_using_2013,
	title = {Using simulation to compare methods for estimating density from capture-recapture data},
	volume = {94},
	abstract = {},
	number = {4},
	journal = {Ecology},
	author = {Ivan, Jacob S. and White, Gary C. and Shenk, Tanya M.},
	year = {2013},
	pages = {817--826}
}

@article{ivan-et-al-2013-aux,
	title = {Using auxiliary telemetry information to estimate animal density from capture-recapture data},
	volume = {94},
	number = {4},
	journal = {Ecology},
	author = {Ivan, Jacob S. and White, Gary C. and Shenk, Tanya M.},
	year = {2013},
	pages = {809--816}
}

@article{jimenez_spatial_2017,
	title = {Spatial mark-resight models to estimate feral pig population density},
	number = {},
	journal = {Hystrix},
	volume = {26},
	number = {2},
	author = {Jiménez, José and Higuero, Rafael and Charre-Medellin, Juan F. and Acevedo, Pelayo},
	year = {2017},
	pages = {1--6}
}

@article{jugovic_movement_2017,
	title = {Movement, demography and behaviour of a highly mobile species: {A} case study of the black-veined white, \textit{Aporia crataegi} ({Lepidoptera}: {Pieridae})},
	volume = {114},
	journal = {European Journal of Entomology},
	author = {Jugovic, Jure and Črne, Mitja and Lužnik, Martina},
	year = {2017},
	pages = {113--122}
}

@article{kendall_robustness_1999,
	title = {Robustness of closed capture-recapture methods to violations of the closure assumption},
	volume = {80},
	number = {8},
	journal = {Ecology},
	author = {Kendall, William L.},
	year = {1999},
	pmid = {918},
	pages = {2517--2525}
}

@article{kindberg_estimating_2011,
	title = {Estimating population size and trends of the {Swedish} brown bear \textit{{Ursus} arctos} population},
	volume = {17},
	number = {2},
	journal = {Wildlife Biology},
	author = {Kindberg, Jonas and Swenson, Jon E. and Ericsson, Goan Göran and Bellemain, Eva and Miquel, Christian and Taberlet, Pierre},
	year = {2011},
	pages = {114--123}
}

@article{klein_introduction_1968,
	title = {The introduction, increase, and crash of reindeer on {St}. {Matthew} {Island}},
	volume = {32},
	number = {2},
	journal = {The Journal of Wildlife Management},
	author = {Klein, David R.},
	year = {1968},
	pages = {350}
}

@Manual{krebs_ecology_2001,
	title = {Ecology: {T}he experimental analysis of distribution and abundance. 5th ed. San Francisco, Benjamin Cummings: 695 str.},
	author = {Krebs, C J},
	year = {2001},

}

@Manual{laake_2013,
    title = {{RMark}: An {R} interface for analysis of capture-recapture data with {MARK}  (dodatni paket za program {R})},
    url = {http://www.afsc.noaa.gov/Publications/ProcRpt/PR2013-01.pdf},
    author = {J.L. Laake},
    year = {2013},
    pages = {25}
}

@article{lustrik_coexistence_2011,
	title = {Coexistence of surface and cave amphipods in an ecotone environment},
	volume = {80},
	issn = {13834517},
	abstract = {},
	number = {2},
	journal = {Contributions to Zoology},
	author = {Luštrik, Roman and Turjak, Martin and Kralj-Fišer, Simona and Fišer, Cene},
	year = {2011},
	pages = {133--141}
}

@Manual{maechler_et_al_2018,
    title = {cluster: {cluster} analysis basics and extensions (dodatni paket za program R)},
    author = {Martin Maechler and Peter Rousseeuw and Anja Struyf and Mia Hubert and Kurt Hornik},
    year = {2018},
    note = {},
}

@article{manning_estimating_2010,
	title = {Estimating population size using capture-recapture encounter histories created from point-coordinate locations of animals},
	volume = {1},
	number = {4},
	journal = {Methods in Ecology and Evolution},
	author = {Manning, Jeffrey A and Goldberg, Caren S},
	year = {2010},
	pages = {389--397}
}

@Manual{microsoft_2017,
    title = {foreach: Provides foreach looping construct for {R} (dodatni paket za program R)},
    author = {Microsoft and Steve Weston},
    year = {2017},
    note = {R package version 1.4.4},
    url = {https://CRAN.R-project.org/package=foreach},
}

@Manual{doparallel_2017,
    title = {doParallel: Foreach parallel adaptor for the ``parallel'' package (dodatni paket za program R)},
    author = {Microsoft and Steve Weston},
    year = {2017},
    note = {R package version 1.0.11},
    url = {https://CRAN.R-project.org/package=doParallel},
}

@article{miller_new_2005,
	title = {A new method for estimating the size of small populations from genetic mark-recapture data},
	volume = {14},
	issn = {09621083},
	number = {7},
	journal = {Molecular Ecology},
	author = {Miller, Craig R. and Joyce, Paul and Waits, Lisette P.},
	year = {2005},
	keywords = {Mark-recapture, Capture heterogeneity, Microsatellites, Non-invasive genetic sampling, Population estimation},
	pages = {1991--2005}
}

@article{miller_brown_1997,
	title = {Brown and black bear density estimation in {Alaska} using radiotelemetry and replicated mark-resight techniques},
	volume = {133},
	number = {},
	journal = {Wildlife Monographs},
	author = {Miller, Sterling D. and White, Gary C. and Sellers, Richard A. and Reynolds, Harry V. and Schoen, John W. and Titus, Kimberly and Barnes, Victor G. Jr. and Smith, Roger B. and Nelson, Robert R. and Ballard, Warren B. and Schwartz, Charles C.},
	year = {1997},
	pmid = {10168},
	pages = {1--55}
}

@article{moqanaki_counting_2018,
	title = {Counting bears in the {Iranian} {Caucasus}: {Remarkable} mismatch between scientifically-sound population estimates and perceptions},
	volume = {220},
	issn = {00063207},
	url = {http://linkinghub.elsevier.com/retrieve/pii/S0006320717310959},
	number = {},
	urldate = {2018-03-03},
	journal = {Biological Conservation},
	author = {Moqanaki, Ehsan M. and Jiménez, José and Bensch, Staffan and López-Bao, José Vicente},
	month = apr,
	year = {2018},
	pages = {182--191}
}

@Manual{oconnell_camera_2010,
	title = {Camera traps in animal ecology: {Methods} and analyses. 1st ed. Tokyo, Springer Science \& Business Media: 271 str.},
	author = {O'Connell, Allan F. and Nichols, James D. and Karanth, K. Ullas},
	year = {2010}
}

@article{otis_statistical_1978,
	title = {Statistical inference from capture data on closed animal populations},
	volume = {62},
	journal = {Wildlife Monographs},
	author = {Otis, David L and Burnham, Kenneth P and White, Gary C and Anderson, David R},
	year = {1978},
	pages = {3--135}
}

@article{parmenter_small-mammal_2003,
	title = {Small-mammal density estimation: {A} field comparison of grid-based vs. web-based density estimators},
	volume = {73},
	number = {1},
	journal = {Ecological Monographs},
	author = {Parmenter, Robert R. and Yates, Terry L. and Anderson, David R. and Burnham, Kenneth P. and Dunnum, Jonathan L. and Franklin, Alan B. and Friggens, Michael T. and Lubow, Bruce C. and Miller, Michael and Olson, Gail S. and Parmenter, Cheryl A. and Pollard, John and Rexstad, Eric and Shenk, Tanya M. and Stanley, Thomas R. and White, Gary C.},
	year = {2003},
	pages = {1--26}
}

@Manual{pennell_miller_2012,
    title = {capwire: Estimates population size from non-invasive sampling  (dodatni paket za program R)},
    author = {Matthew W. Pennell and Craig R. Miller},
    year = {2012},
    note = {R package version 1.1.4},
    url = {https://CRAN.R-project.org/package=capwire},
}

@article{pike2005,
	title = {Short-term effects of handling and permanently marking gopher tortoises (\textit{Gopherus polyphemus}) on recapture rates and behavior},
	volume = {2},
	number = {2},
	year = {2005},
	journal = {Applied Herpetology},
	author = {Pike, David and Crabill, Trisha and Smith, Rebecca and Seigel, Richard and Dinsmore, Abigail},
	pages = {139--147}
}

@article{pollock_capture-recapture_2000,
	title = {Capture-Recapture models},
	volume = {95},
	number = {449},
	urldate = {2018-07-24},
	journal = {Journal of the American Statistical Association},
	author = {Pollock, Kenneth H.},
	year = {2000},
	pages = {293--296}
}

@article{pollock_use_1984,
	title = {The use of auxiliary variables in capture-recapture and removal experiments},
	volume = {40},
	number = {2},
	urldate = {2018-10-30},
	journal = {Biometrics},
	author = {Pollock, Kenneth H. and Hines, James E. and Nichols, James D.},
	month = jun,
	year = {1984},
	pages = {329--340}
}

@misc{r_core_team_r_2018,
	title = {R: A language and environment for statistical computing (program {R})},
	url = {http://www.r-project.org/},
	publisher = {R Foundation for Statistical Computing},
	author = {{R Core Team}},
	year = {2018},
	note = {}
}

@Manual{roche_recapture_2013,
	title = {Recapture heterogeneity in cliff swallows: {Increased} exposure to mist nets leads to net avoidance. PLoS ONE, 8, 3: 1--15: e58092, doi: 10.1371/journal.pone.0058092, 15 str.},
	year = {2013},
	author = {Roche, Erin A. and Brown, Charles R. and Brown, Mary Bomberger and Lear, Kristen M.}
}

@Manual{rowlingson_diggle_2017,
    title = {splancs: Spatial and space-time point pattern analysis (dodatni paket za program R)},
    author = {Barry Rowlingson and Peter Diggle},
    year = {2017},
    note = {R package version 2.01-40},
    url = {https://CRAN.R-project.org/package=splancs},
}

@Manual{royle_spatial_2013,
	title = {Spatial capture-recapture. 1st ed. Waltham, Academic Press: 576 str.},
	author = {Royle, J A and Chandler, R B and Sollmann, R and Gardner, B},
	year = {2013},
}

@article{seber_review_1986,
	title = {A review of estimating animal abundance},
	volume = {42},
	number = {2},
	journal = {Biometrics},
	author = {Seber, G.A.F.},
	month = jun,
	year = {1986},
	pmid = {3527287},
	note = {},
	pages = {267--292}
}

@article{stanley_closure_1999,
	title = {A closure test for time-specific capture-recapture data},
	volume = {6},
	number = {2},
	journal = {Environmental and Ecological Statistics},
	author = {Stanley, Thomas R. and Burnham, Kenneth P.},
	year = {1999},
	pages = {197--209}
}

@article{waits_noninvasive_2005,
	title = {Noninvasive genetic sampling tools for wildlife biologists: a review of applications and recommendations for accurate data collection},
	volume = {69},
	number = {4},
	journal = {Journal of Wildlife Management},
	author = {Waits, Lisette P and Paetkau, David},
	pages = {1419--1433},
	year = {2005}
}

@Manual{white_capture-recapture_1982,
	title = {Capture-recapture and removal methods for sampling closed populations. 1st ed. Los Alamos, Los Alamos National Laboratory: 235 str.},
	author = {White, Gary C and Anderson, D R and Burnham, K P and Otis, D L},
	year = {1982}
}

@article{white_program_1999,
	title = {Program {MARK}: survival estimation from populations of marked animals},
	volume = {46},
	number = {},
	journal = {Bird Study},
	author = {White, Gary C. and Burnham, Kenneth P.},
	year = {1999},
	pages = {S120--S139}
}

@misc{white_chapter_2001,
	author = {White, Gary C. and Shenk, Tanya M.},
	title = {Population estimation with radio-marked animals. {V}: Radio tracking and animal populations. {Millspaugh J. J., Marzluff J. M. (ur.). Waltham, Academic Press: 329--350}},
	year = {2001}
}

@Manual{whittington_comparison_2015,
	title = {A comparison of grizzly bear demographic parameters estimated from non-spatial and spatial open population capture-recapture models. PLoS ONE, 10, 7: e0137940, doi: 10.1371/journal.pone.0137940, 17 str.},
	author = {Whittington, Jesse and Sawaya, Michael A.},
	year = {2015}
}

@Manual{wickham_ggplot2_2009,
	title = {ggplot2: elegant graphics for data analysis. 1st ed. New York, Springer: 213 str.},
	author = {Wickham, Hadley},
	year = {2009}
}

@article{wiewel_assessing_2007,
	title = {Assessing small mammal abundance with track-tube indices and mark–recapture population estimates},
	volume = {88},
	number = {1},
	urldate = {2018-08-06},
	journal = {Journal of Mammalogy},
	author = {Wiewel, Andrew S. and Clark, William R. and Sovada, Marsha A.},
	year = {2007},
	pages = {250--260}
}

@Manual{williams_analysis_2002,
	title = {Analysis and management of animal populations. 1st ed. Waltham, Academic Press: 817 str.},
	author = {Williams, Byron K and Nichols, James D and Conroy, Michael J},
	year = {2002}
}

@article{wilson_evaluation_1985,
	title = {Evaluation of two density estimators of small mammal population size},
	volume = {66},
	url = {http://www.jstor.org/stable/1380951},
	number = {1},
	pages = {13--21},
	journal = {Journal of Mammalogy},
	author = {Wilson, Kenneth R and Anderson, David R},
	year = {1985}
}

@Manual{skrbinsek_lustrik_2018,
	title = {From science to practice: genetic estimate of brown bear population size in Slovenia and how it influenced bear management. European Journal of Wildlife Research. (v recenziji)},
	year = {2018},
	author = {Skrbinšek, Tomaž and Luštrik, Roman and Majić-Skrbinšek, Aleksandra and Potočnik, Hubert and Kljun, Franc and Jelenčič, Maja and Kos, Ivan and Trontelj, Peter}
}

@article{link_nonidentifiability_2003,
	title = {Nonidentifiability of population size from capture-recapture data with heterogeneous detection probabilities},
	volume = {59},
	number = {4},
	journal = {Biometrics},
	author = {Link, William A.},
	year = {2003},
	pages = {1123--1130}
}
